@misc{deniau2024private,
  author = {Laurent Deniau},
  title = {Private communication},
  year = {2024},
  note = {Private communication}
}
