@phdthesis{felix,
  Author = {Felix Simon Carlier},
  Title = {A Nonlinear Future},
  Year = {2020},
  url = {https://cds.cern.ch/record/2715765/}
}

@phdthesis{joschua,
  Author = {Joschua Dilly},
  Title = {Corrections of high-order nonlinearities in the LHC and High-Luminosity LHC beam optics},
  Year = {2023},
}

@conference{ewen,
  Author= {Ewen Hamish Maclean},
  Title= {Highlights from beam-based studies of nonlinear optics in the LHC},
  Year={2022},
  Venue={Oxford Seminar},
}
